@article{HOPLS,
  title={Higher-Order Partial Least Squares (HOPLS): A Generalized Multi-Linear Regression Method},
  author={Andrzej Cichocki},
  journal={arXiv:1207.1230v1},
  volume={13},
  year={2012}
}