@inproceedings{NEURIPS2019_42a6845a,
 author = {Rubanova, Yulia and Chen, Ricky T. Q. and Duvenaud, David K},
 booktitle = {Advances in Neural Information Processing Systems},
 editor = {H. Wallach and H. Larochelle and A. Beygelzimer and F. d\textquotesingle Alch\'{e}-Buc and E. Fox and R. Garnett},
 pages = {},
 publisher = {Curran Associates, Inc.},
 title = {Latent Ordinary Differential Equations for Irregularly-Sampled Time Series},
 url = {https://proceedings.neurips.cc/paper/2019/file/42a6845a557bef704ad8ac9cb4461d43-Paper.pdf},
 volume = {32},
 year = {2019}
}

@article{kwapisz2011activity,
  title={Activity recognition using cell phone accelerometers},
  author={Kwapisz, Jennifer R and Weiss, Gary M and Moore, Samuel A},
  journal={ACM SigKDD Explorations Newsletter},
  volume={12},
  number={2},
  pages={74--82},
  year={2011},
  publisher={ACM New York, NY, USA}
}
