@Article{Samokhina,
  title =	"Непрерывное представление времени в задачах декодирования сигналов",
  author =	"Самохина Алина Максимовна",
  journal =	"",
  year = 	"2021",
  volume =	"",
  bibdate =	"",
  bibsource =	"",
  URL =  	"https://www.overleaf.com/project/6089144e08458454afed6b32",
}