@article{usmanova,
  title={Аппроксимация фазовой траектории квазипериодических сигналов методом сферической регрессии},
  author={Усманова, Карина Равилевна and Журавлёв, ЮИ and Рудаков, КВ and Стрижов, ВВ},
  journal={Вестник Московского университета. Серия 15: Вычислительная математика и кибернетика},
  number={4},
  pages={40--46},
  year={2020},
  publisher={Федеральное государственное бюджетное образовательное учреждение высшего~…}
}

@article{golyandina,
  title={SSA-based approaches to analysis and forecast of multidimensional time series},
  author={N. Golyandina and D. Stepanov},
  journal={Proceedings of the 5th St.Petersburg Workshop on Simulation (2005)},
  number={},
  pages={293–298},
  year={2005},
  publisher={}
}
