@article{hatch2012analysis,
  title={Analysis and compression of six-dimensional gyrokinetic datasets using higher order singular value decomposition},
  author={Hatch, David R and del-Castillo-Negrete, Diego and Terry, Paul W},
  journal={Journal of Computational Physics},
  volume={231},
  number={11},
  
  pages={4234--4256},
  year={2012},
  publisher={Elsevier}
}
